<record><leader>00000cas a2200000 a 4500</leader><controlfield tag="001">21570598</controlfield><controlfield tag="007">hd afu---buca</controlfield><controlfield tag="008">900522d18191819mauwr nea     0    0eng c</controlfield><datafield ind1=" " ind2=" " tag="010"><subfield code="a">sn 90022418 </subfield></datafield><datafield ind1=" " ind2=" " tag="040"><subfield code="a">VA@</subfield><subfield code="b">eng</subfield><subfield code="c">VA@</subfield><subfield code="d">HUL</subfield><subfield code="d">ZCU</subfield><subfield code="d">OCLCQ</subfield><subfield code="d">OCLCG</subfield><subfield code="d">OCLCQ</subfield><subfield code="d">OCLCF</subfield><subfield code="d">OCLCO</subfield></datafield><datafield ind1=" " ind2=" " tag="012"><subfield code="i">9006</subfield></datafield><datafield ind1="1" ind2=" " tag="029"><subfield code="a">AU@</subfield><subfield code="b">000007491177</subfield></datafield><datafield ind1=" " ind2=" " tag="042"><subfield code="a">pcc</subfield></datafield><datafield ind1=" " ind2=" " tag="043"><subfield code="a">n-us-ma</subfield></datafield><datafield ind1=" " ind2="4" tag="050"><subfield code="a">AN27.C3</subfield><subfield code="b">F73</subfield></datafield><datafield ind1="0" ind2="0" tag="245"><subfield code="a">Franklin monitor</subfield><subfield code="h">[microform].</subfield></datafield><datafield ind1=" " ind2=" " tag="260"><subfield code="a">Charlestown [Boston], Mass. :</subfield><subfield code="b">Bellamy &amp; Green,</subfield><subfield code="c">1819.</subfield></datafield><datafield ind1=" " ind2=" " tag="300"><subfield code="a">v. ;</subfield><subfield code="c">30 cm.</subfield></datafield><datafield ind1=" " ind2=" " tag="310"><subfield code="a">Weekly</subfield></datafield><datafield ind1="0" ind2=" " tag="362"><subfield code="a">Vol. 1, no. 1 (Jan. 2, 1819)-v. 1, no. 7 (Feb. 13, 1819).</subfield></datafield><datafield ind1=" " ind2=" " tag="500"><subfield code="a">Editors: E. Bellamy &amp; T. Green, 1819.</subfield></datafield><datafield ind1=" " ind2=" " tag="515"><subfield code="a">Continuous pagination within the volume.</subfield></datafield><datafield ind1=" " ind2=" " tag="533"><subfield code="a">Microfilm.</subfield><subfield code="m">1819.</subfield><subfield code="b">New Canaan, Ct. :</subfield><subfield code="c">Readex,</subfield><subfield code="d">[198-?].</subfield><subfield code="e">1 microfilm reel ; 35 mm.</subfield><subfield code="f">(Early American newspapers)</subfield><subfield code="n">no. 1 on a reel of 4 titles.</subfield><subfield code="n">Pages 14-15 lacking.</subfield></datafield><datafield ind1=" " ind2="0" tag="651"><subfield code="a">Charlestown (Boston, Mass.)</subfield><subfield code="v">Newspapers.</subfield></datafield><datafield ind1=" " ind2="0" tag="651"><subfield code="a">Boston (Mass.)</subfield><subfield code="v">Newspapers.</subfield></datafield><datafield ind1=" " ind2="0" tag="651"><subfield code="a">Suffolk County (Mass.)</subfield><subfield code="v">Newspapers.</subfield></datafield><datafield ind1=" " ind2="7" tag="655"><subfield code="a">Newspapers.</subfield><subfield code="2">fast</subfield><subfield code="0">(OCoLC)fst01423814</subfield></datafield><datafield ind1=" " ind2="7" tag="651"><subfield code="a">Massachusetts</subfield><subfield code="z">Boston.</subfield><subfield code="2">fast</subfield><subfield code="0">(OCoLC)fst01205012</subfield></datafield><datafield ind1=" " ind2="7" tag="651"><subfield code="a">Massachusetts</subfield><subfield code="z">Boston</subfield><subfield code="z">Charlestown.</subfield><subfield code="2">fast</subfield><subfield code="0">(OCoLC)fst01312047</subfield></datafield><datafield ind1=" " ind2="7" tag="651"><subfield code="a">Massachusetts</subfield><subfield code="z">Suffolk County.</subfield><subfield code="2">fast</subfield><subfield code="0">(OCoLC)fst01206189</subfield></datafield><datafield ind1="1" ind2=" " tag="700"><subfield code="a">Bellamy, Elisha,</subfield><subfield code="d">1786?-1828.</subfield></datafield><datafield ind1="1" ind2=" " tag="700"><subfield code="a">Green, Thomas.</subfield></datafield><datafield ind1=" " ind2=" " tag="752"><subfield code="a">United States</subfield><subfield code="b">Massachusetts</subfield><subfield code="d">Charlestown.</subfield></datafield><datafield ind1=" " ind2=" " tag="752"><subfield code="a">United States</subfield><subfield code="b">Massachusetts</subfield><subfield code="d">Boston.</subfield></datafield><datafield ind1="1" ind2=" " tag="776"><subfield code="c">Original</subfield><subfield code="w">(DLC)sn 83020860</subfield><subfield code="w">(OCoLC)9595873</subfield></datafield><datafield ind1="0" ind2="0" tag="785"><subfield code="t">Franklin monitor and Charlestown general advertiser</subfield><subfield code="w">(DLC)sn 90022417</subfield><subfield code="w">(OCoLC)21570767</subfield></datafield><datafield ind1=" " ind2="0" tag="830"><subfield code="a">Early American newspapers.</subfield></datafield><datafield ind1=" " ind2=" " tag="850"><subfield code="a">MH</subfield></datafield></record>